@misc{website:ros_wiki,
      title = "\textit{ROS -- dokumentacja}",
      url = "http://wiki.ros.org/",
      howpublished = "\url{http://wiki.ros.org/}"
}

@misc{website:ros,
      title = "\textit{The Robot Operating System (ROS)} -- strona internetowa projektu",
      url = "http://www.ros.org/",
      howpublished = "\url{http://www.ros.org/}"
}

@misc{website:gazebo,
      title = "\textit{Gazebo -- strona internetowa projektu}",
      url = "http://www.gazebosim.org/",
      howpublished = "\url{http://www.gazebosim.org/}"
}

@article{pwrinstrukcja,
  title={Wprowadzenie do systemu operacyjnego \mbox{ROS}: symulator turtlesim},
  author={Katarzyna Zadarnowska},
  journal={Instrukcja laboratoryjna},
  publisher={Politechnika Wroc³awska}
}